<record><leader>00000cas a22000007a 4500</leader><controlfield tag="001">1518586</controlfield><controlfield tag="008">750807d19001928mnuwr ne      0    0eng d</controlfield><datafield ind1=" " ind2=" " tag="010"><subfield code="a">sn 89064879 </subfield></datafield><datafield ind1=" " ind2=" " tag="040"><subfield code="a">MUL</subfield><subfield code="b">eng</subfield><subfield code="c">MUL</subfield><subfield code="d">OCL</subfield><subfield code="d">MN#</subfield><subfield code="d">OCLCQ</subfield><subfield code="d">OCLCF</subfield><subfield code="d">OCLCO</subfield></datafield><datafield ind1="1" ind2=" " tag="029"><subfield code="a">AU@</subfield><subfield code="b">000025863785</subfield></datafield><datafield ind1=" " ind2=" " tag="042"><subfield code="a">msc</subfield></datafield><datafield ind1=" " ind2=" " tag="043"><subfield code="a">n-us-mn</subfield></datafield><datafield ind1=" " ind2=" " tag="052"><subfield code="a">4144</subfield><subfield code="b">A77</subfield></datafield><datafield ind1=" " ind2=" " tag="052"><subfield code="a">4143</subfield><subfield code="b">K4</subfield></datafield><datafield ind1="0" ind2=" " tag="130"><subfield code="a">Republican press (Atwater, Minn.)</subfield></datafield><datafield ind1="0" ind2="4" tag="245"><subfield code="a">The Republican press.</subfield></datafield><datafield ind1=" " ind2=" " tag="260"><subfield code="a">Atwater, Kandiyohi County, Minn. :</subfield><subfield code="b">L.E. Covell,</subfield><subfield code="c">1900-1928.</subfield></datafield><datafield ind1=" " ind2=" " tag="300"><subfield code="a">30 v.</subfield></datafield><datafield ind1=" " ind2=" " tag="310"><subfield code="a">Weekly</subfield></datafield><datafield ind1="0" ind2=" " tag="362"><subfield code="a">Vol. 21, no. 10 (Feb. 23, 1900)-v. 50, no. 32 (June 22, 1928).</subfield></datafield><datafield ind1=" " ind2=" " tag="530"><subfield code="a">Available on microfilm from the Minnesota Historical Society.</subfield></datafield><datafield ind1=" " ind2="0" tag="651"><subfield code="a">Atwater (Minn.)</subfield><subfield code="v">Newspapers.</subfield></datafield><datafield ind1=" " ind2="7" tag="655"><subfield code="a">Newspapers.</subfield><subfield code="2">fast</subfield><subfield code="0">(OCoLC)fst01423814</subfield></datafield><datafield ind1=" " ind2="7" tag="651"><subfield code="a">Minnesota</subfield><subfield code="z">Atwater.</subfield><subfield code="2">fast</subfield><subfield code="0">(OCoLC)fst01254619</subfield></datafield><datafield ind1=" " ind2=" " tag="752"><subfield code="a">United States</subfield><subfield code="b">Minnesota</subfield><subfield code="c">Kandiyohi</subfield><subfield code="d">Atwater.</subfield></datafield><datafield ind1="0" ind2="4" tag="780"><subfield code="t">Atwater Republican</subfield></datafield><datafield ind1="0" ind2="4" tag="780"><subfield code="t">Atwater press</subfield><subfield code="w">(DLC)sn 89064878</subfield></datafield><datafield ind1="0" ind2="0" tag="785"><subfield code="t">Atwater Republican press</subfield><subfield code="w">(DLC)sn 89064880</subfield></datafield></record>